@article{suspaper,
  title     = {Mathematical Model for Two Wheeled Balancing Robot Using PID Control Algorithm},
  author    = {Thet Naing Soe and Aye Su Khaing},
  journal   = {International Journal of Latest Technology in Engineering, Management \& Applied Science (IJLTEMAS)},
  volume    = {VIII},
  number    = {VIII},
  year      = {2019},
  month     = {August},
  pages     = {1--5},
  issn      = {2278-2540},
  url       = {https://www.ijltemas.in},
  note      = {Technological University (Mawlamyine)}
}